@INPROCEEDINGS{10756141,
  author={Evra, Shai and Gadot, Shay and Klein, Ohad and Komargodski, Ilan},
  booktitle={2024 IEEE 65th Annual Symposium on Foundations of Computer Science (FOCS)}, 
  title={Verifying Groups in Linear Time}, 
  year={2024},
  volume={},
  number={},
  pages={2131-2147},
  keywords={Computer science;Error probability;Computational group theory},
  doi={10.1109/FOCS61266.2024.00126}
}

@misc{williams2015group,
  author = "L. Williams",
  title  = "{Group Isomorphisms}",
  note   = "Lecture notes for Math 280, Fall 2015; accessed 2025-05-09",
  year   = "2015",
  url    =
    "https://www.integral-domain.org/lwilliams/math280/"
    # "Fall2015Files/GroupIsomorphisms.pdf"
}

@misc{zurekCodingTheory,
  author = {Nolan Zurek},
  title  = {Coding Theory},
  note   = {Lecture notes (undated); accessed 2025-05-09},
  url    = {https://nzurek.dev/documents/pdf/Coding%20Theory%20Nolan%20Zurek.pdf}
}

@book{clifford1961algebraic,
  author    = {Clifford, A. H. and Preston, G. B.},
  title     = {The Algebraic Theory of Semigroups, Volume I},
  year      = {1961},
  publisher = {American Mathematical Society},
  address   = {Providence, Rhode Island},
  series    = {Mathematical Surveys and Monographs},
  volume    = {7},
  note      = {Accessed online at \url{https://web.abo.fi/fak/mnf/mate/kurser/semigrupper/Light.pdf} on 2025-05-09}
}

@INPROCEEDINGS{548520,
  author={Rajagopalan, S. and Schulman, L.J.},
  booktitle={Proceedings of 37th Conference on Foundations of Computer Science}, 
  title={Verifying identities}, 
  year={1996},
  volume={},
  number={},
  pages={612-616},
  keywords={Testing;Error probability;Automata},
  doi={10.1109/SFCS.1996.548520}}

@article{verificationOfIdentities,
author = {Rajagopalan, Sridhar and Schulman, Leonard},
year = {2000},
month = {11},
pages = {},
title = {Verification of Identities},
volume = {29},
journal = {SIAM Journal on Computing},
doi = {10.1137/S0097539797325387}
}


@article{Aschbacher2004Notices,
  author    = {Aschbacher, Michael},
  title     = {The Status of the Classification of the Finite Simple Groups},
  journal   = {Notices of the AMS},
  volume    = {51},
  number    = {7},
  pages     = {736--740},
  year      = {2004},
  month     = {August}
}

@book{Wilson2009Simple,
  author    = {Wilson, Robert A.},
  title     = {The Finite Simple Groups},
  publisher = {Springer},
  year      = {2009},
  series    = {Graduate Texts in Mathematics},
  volume    = {251},
  address   = {London},
  doi       = {10.1007/978-1-84800-988-2}
}

@book{Conway1985Atlas,
  author    = {Conway, John Horton and Curtis, Robert T. and Norton, Simon P. and Parker, Richard A. and Wilson, Robert A.},
  title     = {Atlas of Finite Groups: Maximal Subgroups and Ordinary Characters for Simple Groups},
  publisher = {Oxford University Press},
  year      = {1985},
  address   = {Oxford [Oxfordshire]; New York},
  isbn      = {0-19-853199-0}
}

@book{Holt2005Handbook,
  author    = {Holt, Derek F. and Eick, Bettina and O'Brien, Eamonn A.},
  title     = {Handbook of Computational Group Theory},
  publisher = {Chapman \& Hall/CRC Press},
  year      = {2005},
  address   = {Boca Raton},
  series    = {Discrete Mathematics and its Applications},
  isbn      = {1-58488-372-3}
}

@book{Robinson1996CourseGroups,
  author    = {Robinson, Derek J. S.},
  title     = {A Course in the Theory of Groups},
  edition   = {2nd},
  publisher = {Springer},
  year      = {1996},
  series    = {Graduate Texts in Mathematics},
  volume    = {80},
  address   = {New York},
  doi       = {10.1007/978-1-4612-0733-9},
  isbn      = {978-0-387-94461-6}
}

@book{LyndonSchupp1977Combinatorial,
  author    = {Lyndon, Roger C. and Schupp, Paul E.},
  title     = {Combinatorial Group Theory},
  publisher = {Springer-Verlag},
  year      = {1977},
  series    = {Classics in Mathematics (Reprint 2001)},
  address   = {Berlin, Heidelberg},
  doi       = {10.1007/978-3-642-61896-3},
  isbn      = {978-3-540-41158-1}
}

@book{Bruck1971SurveyBinary,
  author    = {Bruck, Richard Hubert},
  title     = {A Survey of Binary Systems},
  publisher = {Springer-Verlag},
  year      = {1971},
  series    = {Ergebnisse der Mathematik und ihrer Grenzgebiete},
  volume    = {20},
  address   = {Berlin, Heidelberg, New York},
  doi       = {10.1007/978-3-662-42838-3},
  isbn      = {978-3-662-42839-0}
}

@book{CliffordPreston1961Vol1,
  author    = {Clifford, Alfred Hoblitzelle and Preston, Gordon Bamford},
  title     = {The Algebraic Theory of Semigroups, Vol. I},
  publisher = {American Mathematical Society},
  year      = {1961},
  series    = {Mathematical Surveys},
  volume    = {7},
  address   = {Providence, Rhode Island},
  isbn      = {978-0-8218-1507-0}
}

@book{BurrisSankappanavar1981UniversalAlgebra,
  author    = {Burris, Stanley and Sankappanavar, H. P.},
  title     = {A Course in Universal Algebra},
  publisher = {Springer-Verlag},
  year      = {1981},
  series    = {Graduate Texts in Mathematics},
  volume    = {78},
  address   = {New York},
  doi       = {10.1007/978-1-4613-8132-7},
  isbn      = {978-0-387-90578-5}
}